@book{bertsekas1995dynamic,
  title={Dynamic programming and optimal control},
  author={Bertsekas, Dimitri P and Bertsekas, Dimitri P and Bertsekas, Dimitri P and Bertsekas, Dimitri P},
  volume={1},
  number={2},
  year={1995},
  publisher={Athena scientific Belmont, MA}
}

@article{thounthong2009energy,
  title={Energy management of fuel cell/battery/supercapacitor hybrid power source for vehicle applications},
  author={Thounthong, Phatiphat and Rael, Stephane and Davat, Bernard},
  journal={Journal of Power Sources},
  volume={193},
  number={1},
  pages={376--385},
  year={2009},
  publisher={Elsevier}
}

@article{su2013modeling,
  title={Modeling and analysis of the role of energy storage for renewable integration: Power balancing},
  author={Su, Han-I and El Gamal, Abbas},
  journal={IEEE Transactions on Power Systems},
  volume={28},
  number={4},
  pages={4109--4117},
  year={2013},
  publisher={IEEE}
}

@article{bambang2014energy,
  title={Energy management of fuel cell/battery/supercapacitor hybrid power sources using model predictive control},
  author={Bambang, Riyanto Trilaksono and Rohman, Arief Syaichu and Dronkers, Cees Jan and Ortega, Romeo and Sasongko, Arif and others},
  journal={IEEE Transactions on Industrial Informatics},
  volume={10},
  number={4},
  pages={1992--2002},
  year={2014},
  publisher={IEEE}
}


@article{bordin2017linear,
  title={A linear programming approach for battery degradation analysis and optimization in offgrid power systems with solar energy integration},
  author={Bordin, Chiara and Anuta, Harold Oghenetejiri and Crossland, Andrew and Gutierrez, Isabel Lascurain and Dent, Chris J and Vigo, Daniele},
  journal={Renewable Energy},
  volume={101},
  pages={417--430},
  year={2017},
  publisher={Elsevier}
}

@article{ru2013storage,
  title={Storage size determination for grid-connected photovoltaic systems},
  author={Ru, Yu and Kleissl, Jan and Martinez, Sonia},
  journal={IEEE Transactions on Sustainable Energy},
  volume={4},
  number={1},
  pages={68--81},
  year={2013},
  publisher={IEEE}
}

@article{shi2017optimal,
  title={Optimal battery control under cycle aging mechanisms},
  author={Shi, Yuanyuan and Xu, Bolun and Zhang, Baosen},
  journal={arXiv preprint arXiv:1709.05715},
  year={2017}
}